@inproceedings{cryptonets1,
    title={Cryptonets: Applying neural networks to encrypted data with high throughput and accuracy},
    author={Gilad-Bachrach, Ran and Dowlin, Nathan and Laine, Kim and Lauter, Kristin and Naehrig, Michael and Wernsing, John},
    year={2016}
}


@article{cryptonets2,
    title={Crypto-nets: Neural networks over encrypted data},
    author={Xie, Pengtao and Bilenko, Misha and Finley, Tom and Gilad-Bachrach, Ran and Lauter, Kristin and Naehrig, Michael},
    year={2014}
}

@article{oblivious,
    title={Oblivious neural network computing via homomorphic encryption},
    author={Orlandi, Claudio and Piva, Alessandro and Barni, Mauro},
    journal={EURASIP Journal on Information Security},
    volume={2007},
}

@inproceedings{comparison,
    title={A comparison of the homomorphic encryption schemes FV and YASHE},
    author={Lepoint, Tancrede and Naehrig, Michael},
    year={2014},
    organization={Springer}
}

@inproceedings{yao,
    title={Faster Secure Two-Party Computation Using Garbled Circuits.},
    author={Huang, Yan and Evans, David and Katz, Jonathan and Malka, Lior},
    booktitle={USENIX Security Symposium},
    year={2011}
}

